<?xml version="1.0" encoding="UTF-8"?><collection xmlns="http://www.loc.gov/MARC21/slim"><record><leader>00358nam--2200133-i-4500</leader><controlfield tag="001">000014214</controlfield><controlfield tag="002">20161230</controlfield><controlfield tag="005">20161230201030</controlfield><controlfield tag="008">060222s1000------------r-----000-0-eng-d</controlfield><datafield ind1=" " ind2=" " tag="080"><subfield code="a">539.143.43:577.32</subfield></datafield><datafield ind1=" " ind2=" " tag="245"><subfield code="a">Biological magnetic resonance</subfield></datafield><datafield ind1=" " ind2=" " tag="260"><subfield code="a">New York, Plenum Press, 1978 - 1981 Xii + 351 P</subfield></datafield><datafield ind1=" " ind2=" " tag="700"><subfield code="a">Berliner, Lawrence J./S.A.</subfield></datafield><datafield ind1=" " ind2=" " tag="852"><subfield code="a">70302</subfield></datafield></record></collection>